<record><leader>00000cas a22000007a 4500</leader><controlfield tag="001">16632254</controlfield><controlfield tag="008">870902d19331933ohudn ne      0    0eng d</controlfield><datafield ind1=" " ind2=" " tag="010"><subfield code="a">sn 87076639 </subfield></datafield><datafield ind1=" " ind2=" " tag="040"><subfield code="a">ONP</subfield><subfield code="b">eng</subfield><subfield code="c">ONP</subfield><subfield code="d">OCLCQ</subfield></datafield><datafield ind1=" " ind2=" " tag="042"><subfield code="a">msc</subfield></datafield><datafield ind1="0" ind2="4" tag="245"><subfield code="a">The Morning Republican and the Findlay courier.</subfield></datafield><datafield ind1=" " ind2=" " tag="260"><subfield code="a">Findlay, Ohio :</subfield><subfield code="b">Findlay Pub. Co.,</subfield><subfield code="c">1933.</subfield></datafield><datafield ind1=" " ind2=" " tag="310"><subfield code="a">Daily (except Sun.)</subfield></datafield><datafield ind1="0" ind2=" " tag="362"><subfield code="a">Vol. 47, no. 86 (Jan. 3, 1933)-v. 48, no. 83 (Dec. 30, 1933).</subfield></datafield><datafield ind1=" " ind2=" " tag="752"><subfield code="a">United States</subfield><subfield code="b">Ohio</subfield><subfield code="c">Hancock</subfield><subfield code="d">Findlay.</subfield></datafield><datafield ind1="0" ind2="4" tag="780"><subfield code="t">Findlay daily courier</subfield><subfield code="w">(DLC)sn 87076638</subfield></datafield><datafield ind1="0" ind2="4" tag="780"><subfield code="t">Morning Republican (Findlay, Ohio)</subfield><subfield code="w">(DLC)sn 85038254</subfield></datafield><datafield ind1="0" ind2="0" tag="785"><subfield code="t">Republican-courier (Findlay, Ohio)</subfield><subfield code="w">(DLC)sn 87076640</subfield></datafield></record>